<?xml version="1.0" encoding="UTF-8"?><collection xmlns="http://www.loc.gov/MARC21/slim"><record><leader>00454nam--2200133-i-4500</leader><controlfield tag="001">000021303</controlfield><controlfield tag="002">20161230</controlfield><controlfield tag="005">20161230201034</controlfield><controlfield tag="008">060222s1000------------r-----000-0-eng-d</controlfield><datafield ind1=" " ind2=" " tag="100"><subfield code="a">Jaeckel, Rudolf</subfield></datafield><datafield ind1=" " ind2=" " tag="245"><subfield code="a">Kleinste drucke ihre messung und erzeugung, unter mitarbeit von dr.helmut schwarz und dr.elisabeth schuller</subfield></datafield><datafield ind1=" " ind2=" " tag="260"><subfield code="a">Berlin, Springer-verlag, 1950, X + 302 P.+ 301 Ilustr</subfield></datafield><datafield ind1=" " ind2=" " tag="490"><subfield code="a">Technische Physik In Einzeldarstellungen</subfield></datafield><datafield ind1=" " ind2=" " tag="852"><subfield code="a">12797</subfield></datafield></record></collection>